%YAML 1.1
%TAG !u! tag:unity3d.com,2011:
--- !u!244 &-6501975782539714576
AudioMixerEffectController:
  m_ObjectHideFlags: 3
  m_CorrespondingSourceObject: {fileID: 0}
  m_PrefabInstance: {fileID: 0}
  m_PrefabAsset: {fileID: 0}
  m_Name: 
  m_EffectID: dc041473b6a41e84b838949427317f1d
  m_EffectName: Attenuation
  m_MixLevel: 35e893d780fe8da4999cffec36901961
  m_Parameters: []
  m_SendTarget: {fileID: 0}
  m_EnableWetMix: 0
  m_Bypass: 0
--- !u!244 &-5346168271608037151
AudioMixerEffectController:
  m_ObjectHideFlags: 3
  m_CorrespondingSourceObject: {fileID: 0}
  m_PrefabInstance: {fileID: 0}
  m_PrefabAsset: {fileID: 0}
  m_Name: 
  m_EffectID: f96360731dff4ee4e8351fdc488e280d
  m_EffectName: Attenuation
  m_MixLevel: 4a2fd8f9c9ddff74b90fb9d590981c64
  m_Parameters: []
  m_SendTarget: {fileID: 0}
  m_EnableWetMix: 0
  m_Bypass: 0
--- !u!243 &-2230715948612470260
AudioMixerGroupController:
  m_ObjectHideFlags: 0
  m_CorrespondingSourceObject: {fileID: 0}
  m_PrefabInstance: {fileID: 0}
  m_PrefabAsset: {fileID: 0}
  m_Name: Music
  m_AudioMixer: {fileID: 24100000}
  m_GroupID: b21f3ecaa81875f4fbd13c7274354bd6
  m_Children: []
  m_Volume: 4ba969a434e11be4b8d284f13d81a6af
  m_Pitch: be495983391e6604bacd69d69960764c
  m_Send: 00000000000000000000000000000000
  m_Effects:
  - {fileID: -5346168271608037151}
  m_UserColorIndex: 0
  m_Mute: 0
  m_Solo: 0
  m_BypassEffects: 0
--- !u!241 &24100000
AudioMixerController:
  m_ObjectHideFlags: 0
  m_CorrespondingSourceObject: {fileID: 0}
  m_PrefabInstance: {fileID: 0}
  m_PrefabAsset: {fileID: 0}
  m_Name: AddonCreatorAudioMixer
  m_OutputGroup: {fileID: 0}
  m_MasterGroup: {fileID: 24300002}
  m_Snapshots:
  - {fileID: 24500006}
  m_StartSnapshot: {fileID: 24500006}
  m_SuspendThreshold: -80
  m_EnableSuspend: 1
  m_UpdateMode: 0
  m_ExposedParameters: []
  m_AudioMixerGroupViews:
  - guids:
    - 491d37667a837b54eaa2d71768b5f0eb
    - b21f3ecaa81875f4fbd13c7274354bd6
    - b604d4aa800008c499ec5dfa40f03919
    name: View
  m_CurrentViewIndex: 0
  m_TargetSnapshot: {fileID: 24500006}
--- !u!243 &24300002
AudioMixerGroupController:
  m_ObjectHideFlags: 0
  m_CorrespondingSourceObject: {fileID: 0}
  m_PrefabInstance: {fileID: 0}
  m_PrefabAsset: {fileID: 0}
  m_Name: Master
  m_AudioMixer: {fileID: 24100000}
  m_GroupID: 491d37667a837b54eaa2d71768b5f0eb
  m_Children:
  - {fileID: -2230715948612470260}
  - {fileID: 6208559779376383691}
  m_Volume: 066d3b35ecd24eb4e98e6f30a70d4d93
  m_Pitch: eededf3115bb8d240afe59488f978413
  m_Send: 00000000000000000000000000000000
  m_Effects:
  - {fileID: 24400004}
  m_UserColorIndex: 0
  m_Mute: 0
  m_Solo: 0
  m_BypassEffects: 0
--- !u!244 &24400004
AudioMixerEffectController:
  m_ObjectHideFlags: 3
  m_CorrespondingSourceObject: {fileID: 0}
  m_PrefabInstance: {fileID: 0}
  m_PrefabAsset: {fileID: 0}
  m_Name: 
  m_EffectID: f711eef4e497061499d027f2293f2fd9
  m_EffectName: Attenuation
  m_MixLevel: 3455f8b020009a14388ea572919de602
  m_Parameters: []
  m_SendTarget: {fileID: 0}
  m_EnableWetMix: 0
  m_Bypass: 0
--- !u!245 &24500006
AudioMixerSnapshotController:
  m_ObjectHideFlags: 0
  m_CorrespondingSourceObject: {fileID: 0}
  m_PrefabInstance: {fileID: 0}
  m_PrefabAsset: {fileID: 0}
  m_Name: Snapshot
  m_AudioMixer: {fileID: 24100000}
  m_SnapshotID: f6db9bead2a2c7e41819561065a6eb15
  m_FloatValues: {}
  m_TransitionOverrides: {}
--- !u!243 &6208559779376383691
AudioMixerGroupController:
  m_ObjectHideFlags: 0
  m_CorrespondingSourceObject: {fileID: 0}
  m_PrefabInstance: {fileID: 0}
  m_PrefabAsset: {fileID: 0}
  m_Name: Sound Effects
  m_AudioMixer: {fileID: 24100000}
  m_GroupID: b604d4aa800008c499ec5dfa40f03919
  m_Children: []
  m_Volume: 625e1db4afce5e0489b7d7157adaa9e4
  m_Pitch: 7545f96cab415f549b9f8707ddd8a535
  m_Send: 00000000000000000000000000000000
  m_Effects:
  - {fileID: -6501975782539714576}
  m_UserColorIndex: 0
  m_Mute: 0
  m_Solo: 0
  m_BypassEffects: 0
